@mastersthesis{emil,
  author  = "Emil H.J. Nijhuis",
  title   = "Learning Patterns in the Game of Go",
  school  = "Universiteit van Amsterdam",
  year    = "2006"
}

@phdthesis{erik,
  author  = "Erik van der Werf",
  title   = "AI techniques for the game of Go",
  school  = "Maastricht University",
  year    = "2005"
}

@Article{bays,
  author  = "David Stern and Ralf Herbrich and Thore Graepel",
  title   = "Bayesian Pattern Ranking for Move Prediction in the Game of Go",
  journal = "Proceedings of the 23rd International Conference on Machine Learning",
  year    = "2006"
}

@Article{eval,
  author  = "Josef MoudrÄ±k and Petr Baudis and Roman Neruda",
  title   = "Evaluating Go Game Records for Prediction of Player Attributes",
  journal = "2015 IEEE Conference on Computational Intelligence and Games (CIG)",
  year    = "2015",
  pages   = "162-168",
  month   = "Aug"
}

@Article{muller,
  author = "Martin M{\"u}ller",
  title  = "Computer Go",
  journal = "Elsevier: Artificial Intelligence",
  year = "2002",
  volume = "134",
  pages = "145-179"
}

@Article{alpha,
author={Silver, David
and Schrittwieser, Julian
and Simonyan, Karen
and Antonoglou, Ioannis
and Huang, Aja
and Guez, Arthur
and Hubert, Thomas
and Baker, Lucas
and Lai, Matthew
and Bolton, Adrian
and Chen, Yutian
and Lillicrap, Timothy
and Hui, Fan
and Sifre, Laurent
and van den Driessche, George
and Graepel, Thore
and Hassabis, Demis},
title={Mastering the game of Go without human knowledge},
journal={Nature},
year={2017},
volume={550},
number={7676},
pages={354-359},
issn={1476-4687},
doi={10.1038/nature24270},
url={https://doi.org/10.1038/nature24270}
}

@misc{terms,
     title        = "Sensei's Library",
     author       = "",
     howpublished = "\url{https://senseis.xmp.net}",
     note         = "Accessed: 2019-10-28"
   }
@misc{fox,
    title        = "FoxDB Github Repository",
    author       = "",
    howpublished = "\url{https://github.com/featurecat/go-dataset}"
  }

@misc{alphalib,
   title        = "AlphaGo Game Archive",
   author       = "",
   howpublished = "\url{https://www.alphago-games.com}"
 }

 @misc{tdago,
    title        = "TDAGo Github Repository",
    author       = "Edward Kim",
    howpublished = "\url{https://github.com/ekim1919/TDAGo}"
  }
